<record><leader>00000cas a2200000 a 4500</leader><controlfield tag="001">11129314</controlfield><controlfield tag="008">840907d19482013nyuwr ne      0    0eng c</controlfield><datafield ind1=" " ind2=" " tag="010"><subfield code="a">sn 95071195 </subfield></datafield><datafield ind1=" " ind2=" " tag="040"><subfield code="a">ZQP</subfield><subfield code="b">eng</subfield><subfield code="c">ZQP</subfield><subfield code="d">NYG</subfield><subfield code="d">NYS</subfield><subfield code="d">OCLCQ</subfield><subfield code="d">NYS</subfield><subfield code="d">OCLCQ</subfield><subfield code="d">NYG</subfield><subfield code="d">OCLCF</subfield></datafield><datafield ind1="1" ind2=" " tag="029"><subfield code="a">AU@</subfield><subfield code="b">000011783142</subfield></datafield><datafield ind1=" " ind2=" " tag="042"><subfield code="a">pcc</subfield></datafield><datafield ind1=" " ind2=" " tag="043"><subfield code="a">n-us-ny</subfield></datafield><datafield ind1="0" ind2=" " tag="130"><subfield code="a">Merrick life (Merrick, N.Y. : 1948)</subfield></datafield><datafield ind1="1" ind2="0" tag="245"><subfield code="a">Merrick life.</subfield></datafield><datafield ind1=" " ind2=" " tag="260"><subfield code="a">Merrick, N.Y. :</subfield><subfield code="b">Meroke Advertising Services,</subfield><subfield code="c">1948-2013.</subfield></datafield><datafield ind1=" " ind2=" " tag="300"><subfield code="a">v. :</subfield><subfield code="b">ill. ;</subfield><subfield code="c">39 cm.</subfield></datafield><datafield ind1=" " ind2=" " tag="310"><subfield code="a">Weekly</subfield></datafield><datafield ind1="0" ind2=" " tag="362"><subfield code="a">Vol. 3, no. 28 (Nov. 18, 1948)-(Aug. 15, 2013).</subfield></datafield><datafield ind1=" " ind2=" " tag="500"><subfield code="a">Publishers: Meroke Advertising Service, Nov. 25, 1948-May 16, 1957; L &amp; M Pub. Corp., May 23, 1957-</subfield></datafield><datafield ind1=" " ind2=" " tag="515"><subfield code="a">Vol. numbering irregular.</subfield></datafield><datafield ind1=" " ind2=" " tag="515"><subfield code="a">Some issues lack volume and number designation.</subfield></datafield><datafield ind1=" " ind2=" " tag="588"><subfield code="a">Latest issue consulted: Aug. 15, 2013.</subfield></datafield><datafield ind1=" " ind2="0" tag="651"><subfield code="a">Merrick (N.Y.)</subfield><subfield code="v">Newspapers.</subfield></datafield><datafield ind1=" " ind2="0" tag="651"><subfield code="a">Nassau County (N.Y.)</subfield><subfield code="v">Newspapers.</subfield></datafield><datafield ind1=" " ind2="7" tag="655"><subfield code="a">Newspapers.</subfield><subfield code="2">fast</subfield><subfield code="0">(OCoLC)fst01423814</subfield></datafield><datafield ind1=" " ind2="7" tag="651"><subfield code="a">New York (State)</subfield><subfield code="z">Merrick.</subfield><subfield code="2">fast</subfield><subfield code="0">(OCoLC)fst01260090</subfield></datafield><datafield ind1=" " ind2="7" tag="651"><subfield code="a">New York (State)</subfield><subfield code="z">Nassau County.</subfield><subfield code="2">fast</subfield><subfield code="0">(OCoLC)fst01205518</subfield></datafield><datafield ind1=" " ind2=" " tag="752"><subfield code="a">United States</subfield><subfield code="b">New York</subfield><subfield code="c">Nassau</subfield><subfield code="d">Merrick.</subfield></datafield><datafield ind1="0" ind2="0" tag="780"><subfield code="t">Meroke</subfield><subfield code="w">(DLC)sn 95071194</subfield><subfield code="w">(OCoLC)32247733</subfield></datafield><datafield ind1="0" ind2="0" tag="785"><subfield code="t">Merrick herald life</subfield><subfield code="w">(DLC)  2013245011</subfield><subfield code="w">(OCoLC)861228386</subfield></datafield></record>